<?xml version="1.0" encoding="UTF-8"?><record xmlns="http://www.loc.gov/MARC21/slim" xmlns:cinclude="http://apache.org/cocoon/include/1.0" xmlns:zs="http://www.loc.gov/zing/srw/">
  <leader>00489nz  a2200133n  4500</leader>
  <controlfield tag="001">nr 00027251 </controlfield>
  <controlfield tag="003">DLC</controlfield>
  <controlfield tag="005">20000825033733.0</controlfield>
  <controlfield tag="008">000824n| acannaabn          |a aaa     c</controlfield>
  <datafield tag="010" ind1=" " ind2=" ">
    <subfield code="a">nr 00027251 </subfield>
  </datafield>
  <datafield tag="040" ind1=" " ind2=" ">
    <subfield code="a">CSt</subfield>
    <subfield code="b">eng</subfield>
    <subfield code="c">CSt</subfield>
  </datafield>
  <datafield tag="100" ind1="1" ind2=" ">
    <subfield code="a">Flórez, Máximo,</subfield>
    <subfield code="d">1951-</subfield>
  </datafield>
  <datafield tag="400" ind1="1" ind2=" ">
    <subfield code="a">Flórez Ramírez, Máximo,</subfield>
    <subfield code="d">1951-</subfield>
  </datafield>
  <datafield tag="670" ind1=" " ind2=" ">
    <subfield code="a">Los secretos del Chicamocha, 2000:</subfield>
    <subfield code="b">t.p. (Máximo Flórez) front flap (Máximo Flórez Ramírez; b. 1951, San Joaquín, Santander, Colombia; painter and engraver)</subfield>
  </datafield>
</record>